<record><leader>00000cas a2200000 a 4500</leader><controlfield tag="001">30722153</controlfield><controlfield tag="008">940707d19881994oruwr ne      0   a0eng c</controlfield><datafield ind1=" " ind2=" " tag="010"><subfield code="a">  2001260318</subfield></datafield><datafield ind1=" " ind2=" " tag="040"><subfield code="a">ORY</subfield><subfield code="b">eng</subfield><subfield code="c">ORY</subfield><subfield code="d">ORU</subfield><subfield code="d">OCLCQ</subfield><subfield code="d">OCLCF</subfield><subfield code="d">OCLCO</subfield></datafield><datafield ind1="1" ind2=" " tag="029"><subfield code="a">AU@</subfield><subfield code="b">000022917309</subfield></datafield><datafield ind1=" " ind2=" " tag="042"><subfield code="a">pcc</subfield></datafield><datafield ind1=" " ind2=" " tag="043"><subfield code="a">n-us-or</subfield></datafield><datafield ind1="0" ind2="4" tag="245"><subfield code="a">The nugget newspaper.</subfield></datafield><datafield ind1="1" ind2="7" tag="246"><subfield code="a">Nugget</subfield></datafield><datafield ind1=" " ind2=" " tag="260"><subfield code="a">Sisters, Or. :</subfield><subfield code="b">Nugget Newspaper Inc.,</subfield><subfield code="c">1988-1994.</subfield></datafield><datafield ind1=" " ind2=" " tag="300"><subfield code="a">5 v. :</subfield><subfield code="b">ill. ;</subfield><subfield code="c">36 cm.</subfield></datafield><datafield ind1=" " ind2=" " tag="310"><subfield code="a">Weekly</subfield></datafield><datafield ind1="0" ind2=" " tag="362"><subfield code="a">Vol. 11, no. 35 (Aug. 31, 1988)-v. 15, no. 34 (Aug. 24, 1994).</subfield></datafield><datafield ind1=" " ind2=" " tag="500"><subfield code="a">"Serving western Deschutes County."</subfield></datafield><datafield ind1=" " ind2=" " tag="530"><subfield code="a">Also issued on microfilm from University of Oregon.</subfield></datafield><datafield ind1=" " ind2="0" tag="651"><subfield code="a">Sisters (Or.)</subfield><subfield code="v">Newspapers.</subfield></datafield><datafield ind1=" " ind2="0" tag="651"><subfield code="a">Deschutes County (Or.)</subfield><subfield code="v">Newspapers.</subfield></datafield><datafield ind1=" " ind2="7" tag="655"><subfield code="a">Newspapers.</subfield><subfield code="2">fast</subfield><subfield code="0">(OCoLC)fst01423814</subfield></datafield><datafield ind1=" " ind2="7" tag="651"><subfield code="a">Oregon</subfield><subfield code="z">Deschutes County.</subfield><subfield code="2">fast</subfield><subfield code="0">(OCoLC)fst01218303</subfield></datafield><datafield ind1=" " ind2="7" tag="651"><subfield code="a">Oregon</subfield><subfield code="z">Sisters.</subfield><subfield code="2">fast</subfield><subfield code="0">(OCoLC)fst01263639</subfield></datafield><datafield ind1=" " ind2=" " tag="752"><subfield code="a">United States</subfield><subfield code="b">Oregon</subfield><subfield code="c">Deschutes</subfield><subfield code="d">Sisters.</subfield></datafield><datafield ind1="0" ind2="0" tag="785"><subfield code="t">Nugget (Sisters, Or. : 1994)</subfield><subfield code="w">(DLC)  2001260330</subfield><subfield code="w">(OCoLC)47982213</subfield></datafield></record>